<?xml version="1.0" encoding="UTF-8"?><collection xmlns="http://www.loc.gov/MARC21/slim"><record><leader>00588nam--2200205-u-4500</leader><controlfield tag="001">000051220</controlfield><controlfield tag="002">20161230</controlfield><controlfield tag="005">20161230201049</controlfield><controlfield tag="008">080602s1000------------r-----000-0-eng-d</controlfield><datafield ind1=" " ind2=" " tag="020"><subfield code="a">0-19-850160-9</subfield></datafield><datafield ind1=" " ind2=" " tag="040"><subfield code="a">IFIN-HH</subfield></datafield><datafield ind1=" " ind2=" " tag="080"><subfield code="a">514.84</subfield></datafield><datafield ind1="1" ind2=" " tag="100"><subfield code="a">Bobenko, Alexander I. ; Seiler, Ruedi (Eds.)</subfield></datafield><datafield ind1="1" ind2="0" tag="245"><subfield code="a">Discrete Integrable Geometry and Physics</subfield></datafield><datafield ind1=" " ind2=" " tag="260"><subfield code="a">Oxford</subfield><subfield code="b">Calderon Press</subfield><subfield code="c">1999</subfield></datafield><datafield ind1=" " ind2=" " tag="300"><subfield code="a">370 p</subfield></datafield><datafield ind1=" " ind2=" " tag="490"><subfield code="a">Oxford Lectures Series in Mthematics and Its Applications</subfield><subfield code="v">vol. 16</subfield></datafield><datafield ind1="1" ind2=" " tag="700"><subfield code="a">Ruedi Seiler</subfield></datafield><datafield ind1=" " ind2=" " tag="852"><subfield code="a">81460</subfield><subfield code="c">513</subfield></datafield><datafield ind1=" " ind2=" " tag="CAT"><subfield code="a">Sys</subfield><subfield code="c">20080602</subfield><subfield code="h">115916</subfield></datafield></record></collection>